\clearpage 
@inproceedings{Pudaruth2006PredictingTP,
  title={Predicting the Price of Used Cars using Machine Learning Techniques},
  author={Sameerchand Pudaruth},
  year={2006}
}
